@book{Martin.2018,
  title={Clean architecture: a craftsman's guide to software structure and design},
  author={Martin, Robert C and Grenning, James and Brown, Simon and Henney, Kevlin and Gorman, Jason},
  number={s 31},
  year={2018},
  publisher={Prentice Hall}
}
